@report{pyroom,
	author = "Robin Scheibler, Eric Bezzam,
	Ivan Dokmanic,",
	title = "Pyroomacoustics: a python package for audio room simulation and array processing algorithms",
	type = "report",
	institution = "Ecole Polytechnique Fédérale de Lausanne (EPFL),
	University of Illinois Urbana-Champaign, USA,",
	date = "11 Oct 2017",
}
@online{TensorFlow,
	ALTauthor = "unknown",
	ALTeditor = "TensorFlow",
	title = "Simple Audio Recognition",
	date = "13 January 2018",
	url = "https://www.tensorflow.org/versions/master/tutorials/audio_recognition",
}
@online{googlespeech,
	ALTauthor = "Pete Warden, Software Engineer, Google Brain Team",
	ALTeditor = "Google AI Blog",
	title = "Launching the Speech Command Dataset",
	date = "24 August 2017",
	url = "https://ai.googleblog.com/2017/08/launching-speech-commands-dataset.html",
}
@report{SNR,
	author = "Jørgen Grythe",
	title = "Array gain and reduction of self-noise",\left( 
	type = "report",
	institution = "Norsonic AS, Oslo, Norway",
	date = "2016",
}
@book{SCNR,
	author = "Christof Faller and Dirk Schröder",
	title = "Audio Signal Processing and Virtual Acoustics",
	date = "9 September 2015",
}
@report{BEAM,
	author = "Robin Scheibler, Ivan Dokmanic, and Martin Vetterli",
	title = "Raking Echoes in the time domain",
	type = "report",
	institution = "School of Computer and Communication Sciences Ecole Polytechnique Federale de Lausanne (EPFL), CH-IOI5 Lausanne, Switzerland",
	date = "2015",
}



